<?xml version="1.0" encoding="UTF-8"?><collection xmlns="http://www.loc.gov/MARC21/slim"><record><leader>00592nam--2200205-u-4500</leader><controlfield tag="001">000050707</controlfield><controlfield tag="002">20161230</controlfield><controlfield tag="005">20161230201048</controlfield><controlfield tag="008">080321s1000------------r-----000-0-eng-d</controlfield><datafield ind1=" " ind2=" " tag="020"><subfield code="a">3-540-00242-1</subfield></datafield><datafield ind1=" " ind2=" " tag="040"><subfield code="a">IFIN-HH</subfield></datafield><datafield ind1=" " ind2=" " tag="080"><subfield code="a">519.21</subfield></datafield><datafield ind1="1" ind2=" " tag="100"><subfield code="a">Karmeshu (ed.)</subfield></datafield><datafield ind1="1" ind2="0" tag="245"><subfield code="a">Entropy Measures, Maximum Entropy Principle and Emerging Applications</subfield></datafield><datafield ind1=" " ind2=" " tag="260"><subfield code="a">Berlin</subfield><subfield code="b">Springer-Verlag</subfield><subfield code="c">2003</subfield></datafield><datafield ind1=" " ind2=" " tag="300"><subfield code="a">297 p</subfield></datafield><datafield ind1=" " ind2=" " tag="490"><subfield code="a">Studies in Fuzziness and Soft Computing</subfield><subfield code="v">Vol.119</subfield></datafield><datafield ind1=" " ind2="4" tag="650"><subfield code="a">Entropy and Maximum Entropy Principle</subfield></datafield><datafield ind1=" " ind2=" " tag="852"><subfield code="c">621.391</subfield></datafield><datafield ind1=" " ind2=" " tag="CAT"><subfield code="a">Sys</subfield><subfield code="c">20080321</subfield><subfield code="h">082611</subfield></datafield></record></collection>